@book{Murphy2012,
author = {Kevin P Murphy},
title = {Machine learning: a probabilistic perspective},
publisher = {The MIT Press},
year = {2012},
address = {Cambridge, MA},
edition = {3},
isbn = {9780262018029}
}

@techreport{Smith2016,
address = {Oxford, UK},
annote = {This is helpful to understand the UK Biobank data},
author = {Smith, Stephen and Almagro, Fidel Alfaro and Miller, Karla},
file = {:Users/anavarro/Documents/brain{\_}mri.pdf:pdf},
institution = {University of Oxford},
number = {January},
pages = {1--31},
title = {{UK Biobank Imaging Documentation}},
url = {data /vols/Data/HCP/BBUK/workspace3b.mat script /home/fs0/steve/BB{\_}README},
year = {2016}
}
@incollection{Chen2001,
author = {Chen, Scott Shaobing Saobing and Gopinath, Ramesh A.},
booktitle = {Advances in Neural Information Processing Systems 13},
editor = {Leen, T K and Dietterich, T G and Tresp, V},
file = {:Users/anavarro/Library/Application Support/Mendeley Desktop/Downloaded/Chen, Gopinath - 2001 - Gaussianization.pdf:pdf},
pages = {423--429},
publisher = {MIT Press},
title = {{Gaussianization}},
url = {http://papers.nips.cc/paper/1856-gaussianization.pdf},
year = {2001}
}
